@article{llompart2024will,
  title={Will we ever be able to accurately predict solubility?},
  author={Llompart, P and Minoletti, C and Baybekov, S and Horvath, Dragos and Marcou, G and Varnek, A},
  journal={Scientific Data},
  volume={11},
  number={1},
  pages={303},
  year={2024},
  publisher={Nature Publishing Group UK London}
}

@article{sorkun2019aqsoldb,
  title={AqSolDB, a curated reference set of aqueous solubility and 2D descriptors for a diverse set of compounds},
  author={Sorkun, Murat Cihan and Khetan, Abhishek and Er, S{\"u}leyman},
  journal={Scientific data},
  volume={6},
  number={1},
  pages={143},
  year={2019},
  publisher={Nature Publishing Group UK London}
}

@article{liang2025comprehensive,
  title={A comprehensive survey on test-time adaptation under distribution shifts},
  author={Liang, Jian and He, Ran and Tan, Tieniu},
  journal={International Journal of Computer Vision},
  volume={133},
  number={1},
  pages={31--64},
  year={2025},
  publisher={Springer}
}

@article{cui2025online,
  title={Online test-time adaptation for better generalization of interatomic potentials to out-of-distribution data},
  author={Cui, Taoyong and Tang, Chenyu and Zhou, Dongzhan and Li, Yuqiang and Gong, Xingao and Ouyang, Wanli and Su, Mao and Zhang, Shufei},
  journal={Nature Communications},
  volume={16},
  number={1},
  pages={1891},
  year={2025},
  publisher={Nature Publishing Group UK London}
}

@article{wang2022test,
  title={Test-time training for graph neural networks},
  author={Wang, Yiqi and Li, Chaozhuo and Jin, Wei and Li, Rui and Zhao, Jianan and Tang, Jiliang and Xie, Xing},
  journal={arXiv preprint arXiv:2210.08813},
  year={2022}
}

